
@Article{Bulmer74,
  author = 	 "Bulmer, M. G.",
  title = 	 "On Fitting the {P}oisson Lognormal Distribution to
                  Species-Abundance Data",
  journal =	 "Biometrics",
  year =	 1974,
  volume =	 30,
  pages =	 "101--110"
}

@Article{Corbet42,
  author = 	 "Corbet, A. S.",
  title = 	 "The Distribution of Butterflies in the {M}alay Peninsula",
  journal =	 "Proceedings of the Royal Entomological Society of
                  London (A)",
  year =	 1942,
  volume =	 16,
  pages =	 "101--116"
}

@Book{Eldredge89,
  author = 	 "N. Eldredge",
  title = 	 "Macroevolutionary Dynamics: {S}pecies, Niches, and
                  Adaptive Peaks",
  publisher = 	 "McGraw-Hill",
  year = 	 1989,
  address =	 "New York, NY"
}

@Article{FisherCorbetWilliams43,
  author = 	 "R. A. Fisher and A. Steven Corbet and C. B. Williams",
  title = 	 "The Relation Between the Number of Species and the
                  Number of Individuals in a Random Sample of an
                  Animal Population",
  journal =	 "Journal of Animal Ecology",
  year =	 1943,
  volume =	 12,
  pages =	 "42--58"
}

@Book{Forrest91b,
  author =       {Forrest, S.},
  title =        {Emergent Computation},
  publisher =    {MIT Press},
  year =         1991,
  address =      {Cambridge, MA},
  group =        {parallel_gas}
}

@InCollection{HollandReitman78,
  author = 	 "J. H. Holland and J. S. Reitman",
  title = 	 "Cognitive Systems Based on Adaptive Algorithms",
  booktitle =	 "Pattern-Directed Inference Systems",
  publisher =	 "Academic Press",
  year =	 1978,
  editor =	 "D. A. Waterman and F. Hayes-Roth",
  address =	 "New York, NY"
}

@book{HollandEtAl86,
  author =       {Holland, J.H. and Holyoak, K.J. and Nisbett, R.E. and Thagard, P.},
  publisher =    {MIT Press},
  title =        {Induction: Processes of Inference, Learning, and Discovery},
  year =         {1986}
}

@InCollection{Holland86,
  author = 	 "J. H. Holland",
  title =        "Escaping Brittleness: {T}he Possibilities of
                  General-Purpose Learning Algorithms Applied to
                  Parallel Rule-Based Systems",
  booktitle = 	 "Machine Learning: {A}n Artificial Intelligence
                  Approach",
  publisher =	 "Morgan Kaufmann",
  year =	 1986,
  editor =	 "Ryszard S. Michalski and Jaime G. Carbonell and Tom
                  M. Mitchell",
  volume =	 2,
  address =	 "Los Altos, CA"
}

@Book{Holland92,
  author = 	  "J. H. Holland",
  title = 	  "Adaptation in Natural and Artificial Systems",
  publisher = 	  "MIT Press",
  year =          1992,
  address =	  "Cambridge, MA",
  edition =       "2nd"
}

@InCollection{Holland94,
  author = 	 "J. H. Holland",
  title = 	 "Echoing Emergence: {O}bjectives, Rough Definitions, and
                  Speculations for Echo-class Models",
  booktitle =	 "Complexity: {M}etaphors, Models and Reality",
  publisher =	 "Addison--Wesley",
  year =	 1994,
  editor =	 "George A. Cowan and David Pines and David Meltzer",
  volume =	 "XIX",
  series =	 "Santa Fe Institute Studies in the Sciences of Complexity",
  pages =	 "309--342",
  address =	 "Reading, MA"
}

@Book{Forrest91a,
  author =       {Forrest, S.},
  title =        {Parallelism and Programming in Classifier Systems},
  publisher =    {Pitman Press / Morgan-Kaufmann},
  year =         {1991},
  address =      {London},
  group =        {parallel_gas}
}

@TechReport{JonesForrest93,
  author = 	 "T. Jones and S. Forrest",
  title = 	 "An Introduction to {SFI} {E}cho",
  institution =  "Santa Fe Institute",
  year = 	 1993,
  number =	 "93--12--074",
  address =	 "Santa Fe, NM",
  note =         "Available via anonymous ftp from 
                 ftp.santafe.edu:pub/Users/terry/echo/how-to.ps.Z"
}

@Article{MacArthur57,
  author = 	 "R. H. {MacA}rthur",
  title = 	 "On the Relative Abundance of Bird Species",
  journal =	 "Proceedings of the National Academy of Science",
  year =	 1957,
  volume =	 43,
  pages =	 "293--295"
}

@Article{MacArthur60,
  author = 	 "R. H. {MacA}rthur",
  title = 	 "On the Relative Abundance of Species",
  journal =	 "The American Naturalist",
  year =	 1960,
  volume =	 94,
  pages =	 "25--36"
}

@InCollection{May75,
  author = 	 "May, R. M.",
  title = 	 "Patterns of Species Abundance and Diversity",
  booktitle =	 "Ecology and Evolution of Communities",
  publisher =	 "Harvard University Press",
  year =	 1975,
  editor =	 "M. L. Cody and J. M. Diamond",
  pages =	 "81--120",
  address =	 "Cambridge, MA"
}

@Article{May86,
  author = 	 "R. M. May",
  title = 	 "The Search for Patterns in the Balance of Nature:
                  {A}dvances and Retreats",
  journal =	 "Ecology",
  year =	 1986,
  volume =	 67,
  number =	 5,
  pages =	 "1115--1126"
}

@Book{Mayr42,
  author = 	 "Mayr, E.",
  title = 	 "Systematics and the Origin of Species",
  publisher = 	 "Columbia University Press",
  year = 	 1942,
  address =	 "New York, NY",
  note =	 "Reprinted in 1982."
}

@Book{Mayr82,
  author = 	 "Mayr, E.",
  title = 	 "The Growth of Biological Thought",
  publisher = 	 "Harvard University Press",
  year = 	 1982,
  address =	 "Cambridge, MA"
}

@Book{Mayr88,
  author = 	 "Mayr, E.",
  title = 	 "Toward a New Philosophy of Biology",
  publisher = 	 "Harvard University Press",
  year = 	 1988,
  address =	 "Cambridge, MA"
}

@InCollection{Paterson85,
  author = 	 "Paterson H. E. H.",
  title = 	 "The Recognition Concept of Species",
  booktitle =	 "Species and Speciation",
  year =	 1985,
  editor =	 "E. S. Vrba",
  number =	 4,
  series =	 "Transvaal Museum Monographs",
  pages =	 "21-29"
}

@Article{Preston48,
  author = 	 "F. W. Preston",
  title = 	 "The Commonness, and rarity, of species",
  journal =	 "Ecology",
  year =	 1948,
  volume =	 29,
  number =	 3,
  pages =	 "254--283",
  month =	 "July"
}

@Article{Preston62a,
  author = 	 "F. W. Preston",
  title = 	 "The Canonical Distribution of Commonness and Rarity:
                  {P}art {I}",
  journal =	 "Ecology",
  year =	 1962,
  volume =	 43,
  number =	 2,
  pages =	 "185--215",
  month =	 "Spring"
}

@Article{Preston62b,
  author = 	 "F. W. Preston",
  title = 	 "The Canonical Distribution of Commonness and Rarity:
                  {P}art {II}",
  journal =	 "Ecology",
  year =	 1962,
  volume =	 43,
  number =	 2,
  pages =	 "410--432",
  month =	 "Spring"
}

@Article{Sugihara80,
  author = 	 "G. Sugihara",
  title = 	 "Minimal Community Structure: {A}n Explanation of
                  Species Abundance Patterns",
  journal =	 "The American Naturalist",
  year =	 1980,
  volume =	 116,
  number =	 6,
  pages =	 "770--787"
}

@Book{Williams64,
  author = 	 "C. B. Williams",
  title = 	 "Patterns in the Balance of Nature",
  publisher = 	 "Academic Press",
  year = 	 1964,
  address =	 "London"
}

@ARTICLE{PerelsonAndOster79,
	AUTHOR       = {A.S. Perelson and G.F. Oster},
	TITLE        = {Theoretical studies of clonal selection:
minimal antibody size and reliability of self- non-self discrimination},
	JOURNAL      = {J. Theoretical Biology},
	YEAR         = {1979},
	VOLUME       = {81},
	PAGES        = {645-670}
}

@UNPUBLISHED{Smith94a,
	AUTHOR       = {D. Smith},
	TITLE        = {Towards a model of associative recall in
immunological memory},
	NOTE         = {Master's Project, University of New Mexico},
	YEAR         = {1994}
}

@inproceedings{AckleyAndLittman92,
	AUTHOR = "D. H. Ackley and M. L. Littman",
	TITLE = "Interactions between learning and evolution",
	BOOKTITLE = "Artificial Life II",
	PUBLISHER = "Addison-Wesley",
	ADDRESS = "Reading, MA",
	YEAR = "1992",
	EDITOR = "C. G. Langton and C. Taylor and 
                 J. D. Farmer and S. Rasmussen",
	pages = "487-507"
}

@MISC{Langton94,
	AUTHOR       = {C.G. Langton},
	NOTE         = {personal communication}
}

@INPROCEEDINGS{Huberman91,
	AUTHOR       = {B.A. Huberman},
	TITLE        = {The performance of cooperative processes},
	BOOKTITLE    = {Emergent Computation},
	YEAR         = {1991},
	EDITOR       = {S. Forrest},
	PAGES        = {38--47},
	PUBLISHER    = {MIT Press},
	ADDRESS      = {Cambridge, MA}
}

@TechReport{Holland93a,
  author = 	 "J. H. Holland",
  title = 	 "The Rationality of Adaptive Agents",
  institution =  "Santa Fe Institute",
  year = 	 1993,
  number =	 "93--10--063",
  address =	 "Santa Fe, NM",
}

@TechReport{Holland93b,
  author = 	 "J. H. Holland",
  title = 	 "The Effect of Labels (Tags) on Social Interactions",
  institution =  "Santa Fe Institute",
  year = 	 1993,
  number =	 "93--10--064",
  address =	 "Santa Fe, NM",
}

@TECHREPORT{Epstein94,
	AUTHOR       = {J.M. Epstein and R.L. Axtell},
	TITLE        = {Growing Artificial Societies: Social Science 
			From the Bottom Up},
	INSTITUTION  = {Brookings Institution},
	YEAR         = {1994}
}

@INCOLLECTION   (hogg90a,
                AUTHOR = "T. Hogg",
                TITLE = "The Dynamics of Complex Computational Systems",
                BOOKTITLE = "Complexity, Entropy and the Physics of
Information",
                YEAR = 1990,
                EDITOR = "W. Zurek",
                VOLUME = "VIII",
                PUBLISHER = "Addison-Wesley",
                SERIES = "Santa Fe Institute Studies in the Sciences of
Complexity",
                ADDRESS = "Reading, MA",
                PAGES = "207-222")



